@article{2015The,
  title={The flying sidekick traveling salesman problem: Optimization of drone-assisted parcel delivery},
  author={ Murray, Chase C  and  Chu, Amanda G },
  journal={Transportation Research Part C Emerging Technologies},
  volume={54},
  number={may},
  pages={86-109},
  year={2015},
}