@article{murrayFlyingSidekickTraveling2015,
  title = {The Flying Sidekick Traveling Salesman Problem: Optimization of Drone-Assisted Parcel Delivery},
  shorttitle = {The Flying Sidekick Traveling Salesman Problem},
  author = {Murray, Chase C. and Chu, Amanda G.},
  year = {2015},
  journal = {Transportation Research Part C: Emerging Technologies},
  volume = {54},
  pages = {86--109},
  issn = {0968090X},
  doi = {10.1016/j.trc.2015.03.005},
  urldate = {2024-12-19},
  langid = {english},
}
@article{2009A,
  title={A comparative analysis of several asymmetric traveling salesman problem formulations},
  author={ Oencan, Temel  and  Altinel, I. Kuban  and  Laporte, Gilbert },
  journal={Computers \& Operations Research},
  volume={36},
  number={3},
  pages={637-654},
  year={2009},
  doi={10.1016/j.cor.2007.11.008}
}
@article{2012Models,
  title={Models and algorithms for the Asymmetric Traveling Salesman Problem: an experimental comparison},
  author={ Roberti, Roberto  and  Toth, Paolo },
  journal={Euro Journal on Transportation \& Logistics},
  volume={1},
  number={1-2},
  pages={113-133},
  year={2012},
  doi={10.1007/s13676-012-0010-0}
}
@book{papadimitriou1998combinatorial,
  title={Combinatorial optimization: algorithms and complexity},
  author={Papadimitriou, Christos H and Steiglitz, Kenneth},
  year={1998},
  publisher={Dover Publications},
  address={Mineola, NY},
  edition={Dover edition},
  pages={308--309},
  isbn={9780486402581}
}
@article{1960Integer,
  title={Integer Programming Formulation of Traveling Salesman Problems},
  author={ Miller, C. E.  and  Tucker, A. W.  and  Zemlin, R. A. },
  journal={Journal of the Acm},
  volume={7},
  number={4},
  pages={326-329},
  year={1960},
  doi={10.1145/321043.321046}
}
@article{1959The,
  title={The Truck Dispatching Problem},
  author={ Dantzig, G. B.  and  Ramser, J. H. },
  journal={Management Science},
  volume={6},
  number={1},
  pages={80-91},
  year={1959},
  doi={10.1287/mnsc.6.1.80}
}
@article{2014Vehicle,
  title={Vehicle Routing: Problems, Methods, and Applications, Second Edition},
  author={ Toth, Paolo  and  Vigo, Daniele },
  journal={Society for Industrial and Applied Mathematics},
  year={2014},
  pages={4-6},
  doi={10.1137/1.9781611973594.fm}
}
@article{luoTwoEchelonCooperatedRouting2017,
  title = {A Two-Echelon Cooperated Routing Problem for a Ground Vehicle and Its Carried Unmanned Aerial Vehicle},
  author = {Luo, Zhihao and Liu, Zhong and Shi, Jianmai},
  year = {2017},
  journal = {Sensors},
  volume = {17},
  number = {5},
  pages = {1144},
  issn = {1424-8220},
  doi = {10.3390/s17051144},
  urldate = {2025-02-20},
  copyright = {https://creativecommons.org/licenses/by/4.0/},
  langid = {english},
}
@article{kitjacharoenchaiMultipleTravelingSalesman2019,
  title = {Multiple Traveling Salesman Problem with Drones: Mathematical Model and Heuristic Approach},
  shorttitle = {Multiple Traveling Salesman Problem with Drones},
  author = {Kitjacharoenchai, Patchara and Ventresca, Mario and Moshref-Javadi, Mohammad and Lee, Seokcheon and Tanchoco, Jose M. A. and Brunese, Patrick A.},
  year = {2019},
  journal = {Computers \& Industrial Engineering},
  volume = {129},
  pages = {14--30},
  issn = {0360-8352},
  doi = {10.1016/j.cie.2019.01.020},
  urldate = {2025-02-20},
  langid = {american},
}
@article{wangVehicleRoutingProblem2019,
  title = {Vehicle Routing Problem with Drones},
  author = {Wang, Zheng and Sheu, Jiuh-Biing},
  year = {2019},
  journal = {Transportation Research Part B: Methodological},
  volume = {122},
  pages = {350--364},
  issn = {01912615},
  doi = {10.1016/j.trb.2019.03.005},
  urldate = {2024-12-29},
  langid = {english},
}
@article{gonzalez-rTruckdroneTeamLogistics2020,
  title = {Truck-Drone Team Logistics: A Heuristic Approach to Multi-Drop Route Planning},
  shorttitle = {Truck-Drone Team Logistics},
  author = {Gonzalez-R, Pedro L. and Canca, David and Andrade-Pineda, Jose L. and Calle, Marcos and Leon-Blanco, Jose M.},
  year = {2020},
  journal = {Transportation Research Part C: Emerging Technologies},
  volume = {114},
  pages = {657--680},
  issn = {0968090X},
  doi = {10.1016/j.trc.2020.02.030},
  urldate = {2025-02-16},
  langid = {english},
}
@article{hamIntegratedSchedulingMtruck2018,
  title = {Integrated Scheduling of M-Truck, m-Drone, and m-Depot Constrained by Time-Window, Drop-Pickup, and m-Visit Using Constraint Programming},
  author = {Ham, Andy M.},
  year = {2018},
  journal = {Transportation Research Part C: Emerging Technologies},
  volume = {91},
  pages = {1--14},
  issn = {0968090X},
  doi = {10.1016/j.trc.2018.03.025},
  urldate = {2025-02-27},
  langid = {english},
}
@article{liuTwoEchelonRoutingProblem2021,
  title = {Two-Echelon Routing Problem for Parcel Delivery by Cooperated Truck and Drone},
  author = {Liu, Yao and Liu, Zhong and Shi, Jianmai and Wu, Guohua and Pedrycz, Witold},
  year = {2021},
  journal = {IEEE Transactions on Systems, Man, and Cybernetics: Systems},
  volume = {51},
  number = {12},
  pages = {7450--7465},
  issn = {2168-2216, 2168-2232},
  doi = {10.1109/TSMC.2020.2968839},
  urldate = {2025-03-16},
  copyright = {https://ieeexplore.ieee.org/Xplorehelp/downloads/license-information/IEEE.html},
  langid = {english},
}
@article{windrasmaraAdaptiveLargeNeighborhood2022,
  title = {An Adaptive Large Neighborhood Search Heuristic for the Flying Sidekick Traveling Salesman Problem with Multiple Drops},
  author = {Windras Mara, Setyo Tri and Rifai, Achmad Pratama and Sopha, Bertha Maya},
  year = {2022},
  journal = {Expert Systems with Applications},
  volume = {205},
  pages = {117647},
  issn = {09574174},
  doi = {10.1016/j.eswa.2022.117647},
  urldate = {2024-12-18},
  langid = {english}
}
@article{agatzOptimizationApproachesTraveling2018,
  title = {Optimization Approaches for the Traveling Salesman Problem with Drone},
  author = {Agatz, Niels and Bouman, Paul and Schmidt, Marie},
  year = {2018/07//Jul/Aug2018},
  journal = {Transportation Science},
  volume = {52},
  number = {4},
  pages = {965--981},
  publisher = {INFORMS: Institute for Operations Research},
  issn = {00411655},
  doi = {10.1287/trsc.2017.0791},
  urldate = {2024-12-19},
  langid = {american},
}
@article{boumanDynamicProgrammingApproaches2018,
  title = {Dynamic Programming Approaches for the Traveling Salesman Problem with Drone},
  author = {Bouman, Paul and Agatz, Niels and Schmidt, Marie},
  year = {2018},
  journal = {Networks},
  volume = {72},
  number = {4},
  pages = {528--542},
  issn = {1097-0037},
  doi = {10.1002/net.21864},
  urldate = {2024-12-19},
  langid = {english},
}
@article{bogyrbayevaDeepReinforcementLearning2023,
  title = {A Deep Reinforcement Learning Approach for Solving the Traveling Salesman Problem with Drone},
  author = {Bogyrbayeva, Aigerim and Yoon, Taehyun and Ko, Hanbum and Lim, Sungbin and Yun, Hyokun and Kwon, Changhyun},
  year = {2023},
  journal = {Transportation Research Part C: Emerging Technologies},
  volume = {148},
  pages = {103981},
  issn = {0968090X},
  doi = {10.1016/j.trc.2022.103981},
  urldate = {2025-03-24},
  langid = {english},
}
@article{haiderOptimizingRelocationOperations2019,
  title = {Optimizing the Relocation Operations of Free-Floating Electric Vehicle Sharing Systems},
  author = {Haider, Zulqarnain and Charkhgard, Hadi and Kim, Sang Won and Kwon, Changhyun},
  year = {2019},
  journal = {SSRN Electronic Journal},
  issn = {1556-5068},
  doi = {10.2139/ssrn.3480725},
  urldate = {2025-03-25},
  langid = {english},
}
@article{poikonenBranchandBoundApproachTraveling2019,
  title = {A Branch-and-Bound Approach to the Traveling Salesman Problem with a Drone},
  author = {Poikonen, Stefan and Golden, Bruce and Wasil, Edward A.},
  year = {2019},
  journal = {INFORMS Journal on Computing},
  volume = {31},
  number = {2},
  pages = {335--346},
  issn = {1091-9856, 1526-5528},
  doi = {10.1287/ijoc.2018.0826},
  urldate = {2024-12-27},
  langid = {english},
}
@book{cormenIntroductionAlgorithms2009,
  title = {Introduction to algorithms},
  author = {Cormen, Thomas H. and Leiserson, Charles Eric and Rivest, Ronald Linn and Stein, Clifford},
  year = {2009},
  edition = {Third edition},
  publisher = {MIT Press},
  address = {Cambridge, Massachusetts London, England},
  isbn = {978-0-262-03384-8 978-0-262-27083-0},
  langid = {english}
}


