@online{zhihu-murray2015,
  howpublished = {[EB/OL]},
  url = {https://zhuanlan.zhihu.com/p/3235861366},
  urldate = {2025-02-21},
  year = {2024},
  title = {交通 {\textbar} 带飞行助手的旅行商问题：无人机协助的配送优化建模及求解（附代码）},
  author = {运筹OR帷幄},
  langid = {chinese}
}
@article{murrayFlyingSidekickTraveling2015,
  title = {The Flying Sidekick Traveling Salesman Problem: Optimization of Drone-Assisted Parcel Delivery},
  shorttitle = {The Flying Sidekick Traveling Salesman Problem},
  author = {Murray, Chase C. and Chu, Amanda G.},
  year = {2015},
  journal = {Transportation Research Part C: Emerging Technologies},
  volume = {54},
  pages = {86--109},
  issn = {0968090X},
  doi = {10.1016/j.trc.2015.03.005},
  urldate = {2024-12-19},
  langid = {english},
}
@online{YunChouorWeiWoYouHua|TSPZhongLiangZhongBuTongXiaoChuZiHuanLuDeFangFaJicallbackShiXianPythonDiaoYongGurobiQiuJie2020,
  type = {微信公众号},
  title = {优化 {\textbar} TSP中两种不同消除子环路的方法及callback实现（Python调用Gurobi求解）},
  author = {运筹OR帷幄},
  year = {2020年09月26日 20:30},
  journal = {运筹OR帷幄},
  urldate = {2025-02-23},
  langid = {chinese},
  howpublished = {[EB/OL]},
  url = {https://mp.weixin.qq.com/s/i7I-o0LiC_JP3vVOQw2AIw},
}
@online{YunChouorWeiWoYouHuaQianTanLuXingShangWenTiTSPDeQiZhongZhengShuGuiHuaMoXing2022,
  type = {微信公众号},
  title = {优化 {\textbar} 浅谈旅行商问题（TSP）的七种整数规划模型},
  author = {运筹OR帷幄},
  year = {2022年01月19日 20:37},
  journal = {运筹OR帷幄},
  urldate = {2025-02-23},
  langid = {chinese},
  howpublished = {[EB/OL]},
  url = {https://mp.weixin.qq.com/s/tDYOxlSQHKRJkf5EcaBJ1A},
}
@article{2009A,
  title={A comparative analysis of several asymmetric traveling salesman problem formulations},
  author={ Oencan, Temel  and  Altinel, I. Kuban  and  Laporte, Gilbert },
  journal={Computers \& Operations Research},
  volume={36},
  number={3},
  pages={637-654},
  year={2009},
  doi={10.1016/j.cor.2007.11.008}
}
@article{2012Models,
  title={Models and algorithms for the Asymmetric Traveling Salesman Problem: an experimental comparison},
  author={ Roberti, Roberto  and  Toth, Paolo },
  journal={Euro Journal on Transportation \& Logistics},
  volume={1},
  number={1-2},
  pages={113-133},
  year={2012},
  doi={10.1007/s13676-012-0010-0}
}
@book{papadimitriou1998combinatorial,
  title={Combinatorial optimization: algorithms and complexity},
  author={Papadimitriou, Christos H and Steiglitz, Kenneth},
  year={1998},
  publisher={Dover Publications},
  address={Mineola, NY},
  edition={Dover edition},
  pages={308--309},
  isbn={9780486402581}
}
@article{1960Integer,
  title={Integer Programming Formulation of Traveling Salesman Problems},
  author={ Miller, C. E.  and  Tucker, A. W.  and  Zemlin, R. A. },
  journal={Journal of the Acm},
  volume={7},
  number={4},
  pages={326-329},
  year={1960},
  doi={10.1145/321043.321046}
}
@article{1959The,
  title={The Truck Dispatching Problem},
  author={ Dantzig, G. B.  and  Ramser, J. H. },
  journal={Management Science},
  volume={6},
  number={1},
  pages={80-91},
  year={1959},
  doi={10.1287/mnsc.6.1.80}
}
@article{2014Vehicle,
  title={Vehicle Routing: Problems, Methods, and Applications, Second Edition},
  author={ Toth, Paolo  and  Vigo, Daniele },
  journal={Society for Industrial and Applied Mathematics},
  year={2014},
  pages={4-6},
  doi={10.1137/1.9781611973594.fm}
}


